<?xml version="1.0" encoding="UTF-8"?><collection xmlns="http://www.loc.gov/MARC21/slim"><record><leader>00394nam--2200133-i-4500</leader><controlfield tag="001">000033201</controlfield><controlfield tag="002">20161230</controlfield><controlfield tag="005">20161230201039</controlfield><controlfield tag="008">060222s1000------------r-----000-0-eng-d</controlfield><datafield ind1=" " ind2=" " tag="100"><subfield code="a">Metivier, R</subfield></datafield><datafield ind1=" " ind2=" " tag="245"><subfield code="a">Les klystrons amplificateurs de grande puisance de la compagnie francaise thomson houston</subfield></datafield><datafield ind1=" " ind2=" " tag="260"><subfield code="a">Paris, C-ie Fr.Thomson-houston, 1960. 72p</subfield></datafield><datafield ind1=" " ind2=" " tag="490"><subfield code="a">Rev.Techn.Cfth</subfield></datafield><datafield ind1=" " ind2=" " tag="852"><subfield code="a">15523</subfield></datafield></record></collection>